<?xml version="1.0" encoding="UTF-8"?>
<collection xmlns:xsi="http://www.w3.org/2001/XMLSchema-instance" xsi:schemaLocation="http://www.loc.gov/MARC21/slim http://www.loc.gov/standards/marcxml/schema/MARC21slim.xsd" xmlns="http://www.loc.gov/MARC21/slim">
<record>
  <leader>01413cam a2200349 a 4500</leader>
  <controlfield tag="001">548212</controlfield>
  <controlfield tag="003">NNC</controlfield>
  <controlfield tag="005">20150420155835.0</controlfield>
  <controlfield tag="008">870331m19819999ir h          000 0 ara d</controlfield>
  <datafield tag="035" ind1=" " ind2=" ">
    <subfield code="a">(OCoLC)506222150</subfield>
  </datafield>
  <datafield tag="035" ind1=" " ind2=" ">
    <subfield code="a">(OCoLC)ocn506222150</subfield>
  </datafield>
  <datafield tag="035" ind1=" " ind2=" ">
    <subfield code="a">(CStRLIN)NYCG87-B28355</subfield>
  </datafield>
  <datafield tag="035" ind1=" " ind2=" ">
    <subfield code="9">ACK0750CU</subfield>
  </datafield>
  <datafield tag="035" ind1=" " ind2=" ">
    <subfield code="a">(NNC)548212</subfield>
  </datafield>
  <datafield tag="040" ind1=" " ind2=" ">
    <subfield code="a">NjP</subfield>
    <subfield code="c">NjP</subfield>
    <subfield code="d">NNC</subfield>
  </datafield>
  <datafield tag="090" ind1=" " ind2=" ">
    <subfield code="a">BP193.25.K842</subfield>
    <subfield code="b">M34 1981</subfield>
  </datafield>
  <datafield tag="100" ind1="1" ind2=" ">
    <subfield code="a">Majlisī, Muḥammad Bāqir ibn Muḥammad Taqī,</subfield>
    <subfield code="d">1627 or 1628-approximately 1699.</subfield>
  </datafield>
  <datafield tag="245" ind1="1" ind2="0">
    <subfield code="a">Mirʾāt al-uqūl fī sharḥ akhbār Āl al-Rasūl :</subfield>
    <subfield code="b">sharḥ Kitāb al-Kāfī lil-Kulaynī /</subfield>
    <subfield code="c">taʾlīf Muḥammad Bāqir al-Majlisī.</subfield>
  </datafield>
  <datafield tag="250" ind1=" " ind2=" ">
    <subfield code="a">al-Ṭabʻah 2.</subfield>
  </datafield>
  <datafield tag="260" ind1=" " ind2=" ">
    <subfield code="a">Tihrān :</subfield>
    <subfield code="b">Dār al-Kutub al-Islāmīyah,</subfield>
    <subfield code="c">1401-    [1981-</subfield>
  </datafield>
  <datafield tag="300" ind1=" " ind2=" ">
    <subfield code="a">v. :</subfield>
    <subfield code="b">facsims. ;</subfield>
    <subfield code="c">25 cm.</subfield>
  </datafield>
  <datafield tag="500" ind1=" " ind2=" ">
    <subfield code="a">Vol. 14: 1st ed.</subfield>
  </datafield>
  <datafield tag="500" ind1=" " ind2=" ">
    <subfield code="a">"Muqaddimah" (2 v. 1st group) by Murtadá al-ʻAskarī.</subfield>
  </datafield>
  <datafield tag="500" ind1=" " ind2=" ">
    <subfield code="a">Vol. 1-   edited by Hāshim al-Rasūlī.</subfield>
  </datafield>
  <datafield tag="500" ind1=" " ind2=" ">
    <subfield code="a">Vol. 12-13 edited by Jaʻfar al-Ḥusaynī.</subfield>
  </datafield>
  <datafield tag="500" ind1=" " ind2=" ">
    <subfield code="a">Vol. 14-   edited by Muḥsin al-Ḥusaynī al-Amīnī.</subfield>
  </datafield>
  <datafield tag="600" ind1="1" ind2="0">
    <subfield code="a">Kulaynī, Muḥammad ibn Yaʻqūb,</subfield>
    <subfield code="d">-941?</subfield>
    <subfield code="t">Kāfī.</subfield>
  </datafield>
  <datafield tag="650" ind1=" " ind2="0">
    <subfield code="a">Hadith (Shiites)</subfield>
    <subfield code="v">Early works to 1800.</subfield>
  </datafield>
  <datafield tag="700" ind1="1" ind2=" ">
    <subfield code="a">ʻAskarī, Murtaḍá.</subfield>
  </datafield>
  <datafield tag="700" ind1="1" ind2=" ">
    <subfield code="a">Rasūlī Maḥallātī, Hāshim.</subfield>
  </datafield>
  <datafield tag="700" ind1="1" ind2=" ">
    <subfield code="a">Ḥusaynī, Jaʻfar.</subfield>
  </datafield>
  <datafield tag="700" ind1="1" ind2=" ">
    <subfield code="a">Amīnī, Muḥsin al-Ḥusaynī.</subfield>
  </datafield>
  <datafield tag="955" ind1=" " ind2=" ">
    <subfield code="b">0045342628</subfield>
    <subfield code="d">glx</subfield>
    <subfield code="e">BP193.25.K842 M34 1981</subfield>
    <subfield code="v">v.20</subfield>
  </datafield>
</record>
</collection>